@ARTICLE{Brown2019, author = "Donald W. Brown"}
